@online{search_1,
  title={Востребованные IT профессии 2024 года},
  url={https://slddigital.com/article/kakie-it-professii-budut-vostrebovany-v-2024-godu-i-v-budushem/},
  urldate={2024-05-26},
  location={},
  publisher={},
  language={russian}
}
@online{search_2,
  title={Самые востребованные IT-профессии будущего},
  url={https://rg.ru/2023/08/23/ekspert-nazval-aktualnye-v-budushchem-it-professii.html},
  urldate={2024-05-26},
  location={},
  publisher={},
  language={russian}
}